<record><leader>00000cas a22000007a 4500</leader><controlfield tag="001">29011392</controlfield><controlfield tag="008">931014d1993199upaumn ne      0   a0eng d</controlfield><datafield ind1=" " ind2=" " tag="010"><subfield code="a">sn 93005189 </subfield></datafield><datafield ind1=" " ind2=" " tag="040"><subfield code="a">NSD</subfield><subfield code="b">eng</subfield><subfield code="c">NSD</subfield><subfield code="d">OCLCQ</subfield></datafield><datafield ind1=" " ind2=" " tag="012"><subfield code="j">0</subfield><subfield code="m">d</subfield></datafield><datafield ind1="0" ind2=" " tag="022"><subfield code="a">1072-4842</subfield><subfield code="l">1072-4842</subfield><subfield code="2">1</subfield></datafield><datafield ind1=" " ind2=" " tag="037"><subfield code="b">Polish Union of U.S.A., P.O. Box 6660, Wilkes-Barre, PA  18703-0660</subfield></datafield><datafield ind1=" " ind2=" " tag="042"><subfield code="a">nsdp</subfield><subfield code="a">msc</subfield></datafield><datafield ind1="1" ind2="0" tag="082"><subfield code="a">051</subfield><subfield code="2">12</subfield></datafield><datafield ind1="0" ind2=" " tag="210"><subfield code="a">Pol. Union U.S.A. fratern. j.</subfield></datafield><datafield ind1=" " ind2="0" tag="222"><subfield code="a">Polish Union of U.S.A. fraternal journal</subfield></datafield><datafield ind1="0" ind2="0" tag="245"><subfield code="a">Polish Union of U.S.A. fraternal journal.</subfield></datafield><datafield ind1="1" ind2="3" tag="246"><subfield code="a">Fraternal journal</subfield></datafield><datafield ind1=" " ind2=" " tag="260"><subfield code="a">Wilkes-Barre, PA :</subfield><subfield code="b">The Union,</subfield><subfield code="c">[1993-</subfield></datafield><datafield ind1=" " ind2=" " tag="300"><subfield code="a">v.</subfield></datafield><datafield ind1=" " ind2=" " tag="310"><subfield code="a">Monthly (except July)</subfield></datafield><datafield ind1="0" ind2=" " tag="362"><subfield code="a">Vol. 1, no. 1 (Feb. 1993)-</subfield></datafield><datafield ind1=" " ind2=" " tag="500"><subfield code="a">Title from caption.</subfield></datafield><datafield ind1="2" ind2=" " tag="710"><subfield code="a">Polish Union of U.S.A.</subfield></datafield><datafield ind1="0" ind2="0" tag="780"><subfield code="t">Pol Am journal (Polish Union of U.S.A.)</subfield><subfield code="x">0749-0437</subfield><subfield code="w">(DLC)sn 84006854</subfield><subfield code="w">(OCoLC)11109148</subfield></datafield><datafield ind1="0" ind2="0" tag="785"><subfield code="t">Fraternal journal</subfield><subfield code="x">1093-4774</subfield><subfield code="w">(DLC)sn   97005950</subfield></datafield></record>